@Manual{Ismay2021,
  title  = {{thesisdown}: an updated {R} markdown thesis template using the bookdown package},
  author = {Ismay, Chester and Solomon, Nick},
  note   = {R package version 0.2.0.9000},
  year   = {2021},
}

@Book{Xie2016,
  author    = {Xie, Yihui},
  publisher = {Chapman and Hall/CRC},
  title     = {Bookdown: authoring books and technical documents with {R} markdown},
  year      = {2016},
  address   = {Boca Raton, Florida},
  note      = {ISBN 978-1138700109},
  url       = {https://bookdown.org/yihui/bookdown},
}

@Manual{Xie2021,
  title  = {Bookdown: authoring books and technical documents with {R} markdown},
  author = {Xie, Yihui},
  note   = {R package version 0.23},
  year   = {2021},
  url    = {https://github.com/rstudio/bookdown},
}

@Comment{jabref-meta: databaseType:bibtex;}

@Comment{jabref-meta: saveActions:enabled;
all-text-fields[identity,html_to_latex,unicode_to_latex,ordinals_to_superscript]
date[normalize_date]
month[normalize_month]
pages[normalize_page_numbers]
;}

@Comment{jabref-meta: saveOrderConfig:specified;author;false;year;false;citationkey;false;}
